% Dummy reference
@book{texbook,
  author = {Donald E. Knuth},
  year = {1986},
  title = {The {\TeX} Book},
  publisher = {Addison-Wesley Professional}
}

@misc{moodle-MICRO332,
    author = {EPFL},
    note = {Moodle site for MICRO332},
    url = {https://moodle.epfl.ch/course/view.php?id=14788}
}

@techreport{Negative_photoresist,
    author = {Microchemicals GmbH},
    title = {IMAGE REVERSAL RESISTS AND THEIR PROCESSING},
    year = {2017},
    url = {https://www.microchemicals.com/technical_information/image_reversal_resists.pdf}
}

@article{hydrophobic_silica,
    title = {Hydrophobic silica},
    journal = {Wikipedia},
    year = 2023,
    url = {https://en.wikipedia.org/wiki/Hydrophobic_silica},
}

@misc{illustration_liftoff,
    author = {wikipedia.org},
    note = {Illustration lift-off},
    url = {https://upload.wikimedia.org/wikipedia/commons/b/b5/Lift-off_%28microtechnology%29_process.svg}
}